<record><leader>00000cas a2200000 a 4500</leader><controlfield tag="001">9797139</controlfield><controlfield tag="008">830810d18111819scuwr ne      0    0eng c</controlfield><datafield ind1=" " ind2=" " tag="010"><subfield code="a">sn 83025778 </subfield></datafield><datafield ind1=" " ind2=" " tag="040"><subfield code="a">NPV</subfield><subfield code="b">eng</subfield><subfield code="c">NPV</subfield><subfield code="d">NPA</subfield><subfield code="d">DLC</subfield><subfield code="d">NPX</subfield><subfield code="d">DLC</subfield><subfield code="d">NPX</subfield><subfield code="d">KNP</subfield><subfield code="d">SVN</subfield><subfield code="d">KNP</subfield><subfield code="d">OCL</subfield><subfield code="d">CVF</subfield><subfield code="d">BUF</subfield><subfield code="d">KRTAS</subfield><subfield code="d">OCLCQ</subfield><subfield code="d">OCLCF</subfield><subfield code="d">OCLCO</subfield></datafield><datafield ind1="1" ind2=" " tag="029"><subfield code="a">AU@</subfield><subfield code="b">000025817215</subfield></datafield><datafield ind1=" " ind2=" " tag="042"><subfield code="a">pcc</subfield></datafield><datafield ind1=" " ind2=" " tag="043"><subfield code="a">n-us-sc</subfield></datafield><datafield ind1=" " ind2=" " tag="045"><subfield code="a">w1w-</subfield></datafield><datafield ind1="0" ind2="0" tag="050"><subfield code="a">Newspaper</subfield></datafield><datafield ind1="1" ind2="4" tag="050"><subfield code="a">AP2.A2</subfield><subfield code="b">A63 Box 189</subfield></datafield><datafield ind1=" " ind2=" " tag="052"><subfield code="a">3913</subfield><subfield code="b">E2</subfield></datafield><datafield ind1="0" ind2="0" tag="245"><subfield code="a">Anti-monarchist, and South-Carolina advertiser.</subfield></datafield><datafield ind1="1" ind2="3" tag="246"><subfield code="a">Anti-monarchist</subfield></datafield><datafield ind1=" " ind2=" " tag="260"><subfield code="a">Edgefield Court House, S.C. :</subfield><subfield code="b">Thomas M. Davenport</subfield></datafield><datafield ind1=" " ind2=" " tag="300"><subfield code="a">v.</subfield></datafield><datafield ind1=" " ind2=" " tag="310"><subfield code="a">Weekly</subfield></datafield><datafield ind1="1" ind2=" " tag="362"><subfield code="a">Began with May 28, 1811 issue; ceased in 1819.</subfield></datafield><datafield ind1=" " ind2=" " tag="530"><subfield code="a">Also issued in microform from Readex Microprint Corp.</subfield></datafield><datafield ind1=" " ind2=" " tag="588"><subfield code="a">Description based on: Vol. 1, no. 16 (Sept. 9, 1811).</subfield></datafield><datafield ind1=" " ind2="0" tag="651"><subfield code="a">Edgefield (S.C.)</subfield><subfield code="v">Newspapers.</subfield></datafield><datafield ind1=" " ind2="7" tag="655"><subfield code="a">Newspapers.</subfield><subfield code="2">fast</subfield><subfield code="0">(OCoLC)fst01423814</subfield></datafield><datafield ind1=" " ind2="7" tag="651"><subfield code="a">South Carolina</subfield><subfield code="z">Edgefield.</subfield><subfield code="2">fast</subfield><subfield code="0">(OCoLC)fst01229449</subfield></datafield><datafield ind1=" " ind2=" " tag="752"><subfield code="a">United States</subfield><subfield code="b">South Carolina</subfield><subfield code="c">Edgefield</subfield><subfield code="d">Edgefield.</subfield></datafield><datafield ind1=" " ind2=" " tag="938"><subfield code="a">Kirtas Technologies, Inc.</subfield><subfield code="b">KRTS</subfield><subfield code="n">737248</subfield></datafield></record>